@MISC{ai_home,
	author = {MIT App Inventor Team},
	title = {MIT App Inventor | Explore MIT App Inventor},
	Url = {http://appinventor.mit.edu/explore},
	year = {2015}}

@MISC{blockly,
	author = {Google},
	title = {Blockly},
	Url = {https://developers.google.com/blockly/},
	year = {2015}}

@article{democratizing:wolber,
	Author = {Wolber, David and Abelson, Harold and Friedman, Mark},
	Doi = {10.1145/2721914.2721935},
	Journal = {SIGMOBILE Mob. Comput. Commun. Rev.},
	Number = {4},
	Pages = {53-58},
	Title = {Democratizing Computing with APP Inventor},
	Volume = {18},
	Year = {2015},
	URL = {http://dx.doi.org/10.1145/2721914.2721935}}
	
@MISC{thinking:turbak,
	Author = {Turbak, Franklyn},
	Title = {Mobile Computational Thinking in AppInventor 2},
	Url = {http://cs.wellesley.edu/~tinkerblocks/RIC14-talk.pdf},
	Year = {2014},
	note = {Slides of a talk given to {CSTA-RI},April 10, 2014, Rhode Island College, RI}
	}
	
@MISC{blocks:okerlund,
	author = {Okerlund, Johanna and Turbak, Franklyn},
	title     = {A Preliminary Analysis of App Inventor Blocks Programs},
	url = {http://cs.wellesley.edu/~tinkerblocks/VLHCC13-poster.pdf},
	year = {2013},
	note = {Poster presented at the IEEE Symposium on Visual Languages and Human-Centric Computing (VLHCC 2013), Sept 17, San Jose, CA}}

@article{naming:turbak,
	Author = {Turbak, Franklyn and Wolber, David and Medlock-Walton, Paul},
	Doi = {10.1109/vlhcc.2014.6883034},
	Journal = {2014 IEEE Symposium on Visual Languages and Human-Centric Computing (VL/HCC)},
	Title = {The design of naming features in App Inventor 2},
	Year = {2014},
	URL = {http://dx.doi.org/10.1109/vlhcc.2014.6883034}}
	
@article{situated:gershman,
	title={A survey of augmented reality technologies, applications and limitations},
	author={Van Krevelen, DWF and Poelman, R},
	journal={International Journal of Virtual Reality},
	volume={9},
	number={2},
	pages={1},
	year={2010}}

  @Article{sherman,
	author = {Sherman, Mark and Martin, Fred},
	title = {The Assessment of Mobile Computational Thinking},
	journal = {Jorunal of Computing Sciences in College},
	year = {2015},
	volume = {30},
	number = {6},
	pages = {53=59},
	month = {June}}
 
@MISC{ai_tutorials,
	Author = {MIT App Inventor Team},
	Title = {Tutorials for App Inventor 2},
	Url = {http://appinventor.mit.edu/explore/ai2/tutorialsd41d.html},
	Year = {2015}}

@MISC{pandas,
	Author = {Pandas Development Team},
	Title = {Python Data Analysis Library},
	Url = {http://pandas.pydata.org/},
	Year = {2015}}
	

