@misc{1_appinventor.mit.edu_2015,
author={Appinventor.mit.edu,},
title={MIT App Inventor | Explore MIT App Inventor},
url={http://appinventor.mit.edu/explore},
year={2015}
},

@misc{2_mit app inventor usage for 2104_2015,
url={https://docs.google.com/document/d/1_677rcBxBhNIM0vTjW8NBspFgWXnQUMDRsi9Sec7zmU/pub},
year={2015}
},

@article{3_wolber_abelson_friedman_2015,
author={Wolber, David and Abelson, Harold and Friedman, Mark},
title={Democratizing Computing with APP Inventor},
volume={18},
DOI={10.1145/2721914.2721935},
number={4},
journal={SIGMOBILE Mob. Comput. Commun. Rev.},
year={2015},
pages={53-58}
},

@misc{4_turbak_2014,
author={Turbak, Franklyn},
title={Mobile Computational Thinking in AppInventor 2},
url={http://cs.wellesley.edu/~tinkerblocks/RIC14-talk.pdf},
year={2014}
},

@inbook{5_okerlund_turbak_2015,
author={Okerlund, Johanna and Turbak, Franklyn},
url={http://cs.wellesley.edu/~tinkerblocks/VLHCC13-poster.pdf},
booktitle={IEEE Symposium on Visual Languages and Human-Centric Computing},
year={2015}
},

@article{6_turbak_wolber_medlock-walton_2014,
author={Turbak, Franklyn and Wolber, David and Medlock-Walton, Paul},
title={The design of naming features in App Inventor 2},
DOI={10.1109/vlhcc.2014.6883034},
journal={2014 IEEE Symposium on Visual Languages and Human-Centric Computing (VL/HCC)},
year={2014}
},

@misc{7_appinventor.mit.edu_2015,
author={appinventor.mit.edu,},
title={Tutorials for App Inventor 2},
url={http://appinventor.mit.edu/explore/ai2/tutorialsd41d.html},
year={2015}
}