%% This BibTeX bibliography file was created using BibDesk.
%% http://bibdesk.sourceforge.net/


%% Created for Benji Xie at 2015-04-30 17:41:22 -0400 


%% Saved with string encoding Unicode (UTF-8) 





@misc{1_appinventor.mit.edu_2015,
	Author = {Appinventor.mit.edu,},
	Title = {MIT App Inventor | Explore MIT App Inventor},
	Url = {http://appinventor.mit.edu/explore},
	Year = {2015},
	Bdsk-Url-1 = {http://appinventor.mit.edu/explore}}

@misc{2_mit_app_inventor_usage_for_2104_2015,
	Date-Modified = {2015-04-30 21:41:22 +0000},
	Title = {MIT App Inventor usage for 2014},
	Url = {https://docs.google.com/document/d/1_677rcBxBhNIM0vTjW8NBspFgWXnQUMDRsi9Sec7zmU/pub},
	Year = {2015},
	Bdsk-Url-1 = {https://docs.google.com/document/d/1_677rcBxBhNIM0vTjW8NBspFgWXnQUMDRsi9Sec7zmU/pub}}

@article{3_wolber_abelson_friedman_2015,
	Author = {Wolber, David and Abelson, Harold and Friedman, Mark},
	Doi = {10.1145/2721914.2721935},
	Journal = {SIGMOBILE Mob. Comput. Commun. Rev.},
	Number = {4},
	Pages = {53-58},
	Title = {Democratizing Computing with APP Inventor},
	Volume = {18},
	Year = {2015},
	Bdsk-Url-1 = {http://dx.doi.org/10.1145/2721914.2721935}}

@misc{4_turbak_2014,
	Author = {Turbak, Franklyn},
	Title = {Mobile Computational Thinking in AppInventor 2},
	Url = {http://cs.wellesley.edu/~tinkerblocks/RIC14-talk.pdf},
	Year = {2014},
	Bdsk-Url-1 = {http://cs.wellesley.edu/~tinkerblocks/RIC14-talk.pdf}}

@inbook{5_okerlund_turbak_2015,
	Author = {Okerlund, Johanna and Turbak, Franklyn},
	Booktitle = {IEEE Symposium on Visual Languages and Human-Centric Computing},
	Url = {http://cs.wellesley.edu/~tinkerblocks/VLHCC13-poster.pdf},
	Year = {2015},
	Bdsk-Url-1 = {http://cs.wellesley.edu/~tinkerblocks/VLHCC13-poster.pdf}}

@article{6_turbak_wolber_medlock-walton_2014,
	Author = {Turbak, Franklyn and Wolber, David and Medlock-Walton, Paul},
	Doi = {10.1109/vlhcc.2014.6883034},
	Journal = {2014 IEEE Symposium on Visual Languages and Human-Centric Computing (VL/HCC)},
	Title = {The design of naming features in App Inventor 2},
	Year = {2014},
	Bdsk-Url-1 = {http://dx.doi.org/10.1109/vlhcc.2014.6883034}}

@misc{7_appinventor.mit.edu_2015,
	Author = {appinventor.mit.edu,},
	Title = {Tutorials for App Inventor 2},
	Url = {http://appinventor.mit.edu/explore/ai2/tutorialsd41d.html},
	Year = {2015},
	Bdsk-Url-1 = {http://appinventor.mit.edu/explore/ai2/tutorialsd41d.html}}
